11112334874222222222111222221112232337632212222221378875332223322221112232247532233333222233332112223335788888888888888888888888764688876544446777878753432235432321232344444457888888888888888888877777
11123323874222222222111211111111232227632232222222247633332233223422222223257532233332222322332111232124688888888888888888888887764788874333346777756643333334323331222233324568888888888888888778777777
22333222775322322222221111111111223227742332223222247443233333232422221112257532223333222222374111222223457888888888888888888887764788753333246875333333333334322221122222222578888888888888887546567777
34444333785433322343222222211223444425743433233112235542223333342323221233358632222332222333476211122222245677888888888888888888764787543333335554332233333233332222222322222578877888888888885433435777
55445444885444444455444444445555555557733544454334434443433343442225433434337642222432223323333211233222233356787888887888888876764674344343333333453333333222322222222222223557756888888888864333333677
44444444885444445455444555555555554457733555455555554554554554544455544445437632333433233333232211133222343333467888887778887887774554344442332234456544323333222222222223322355456788888888853333334467
43444444885443444444444444444444444457733444444455444444444444444555555555555533445544445555554433343334444444467888885546787557774355443542222225466533343342122222222223322323345788888888864333334358
33333333885333333344433433444444444457733444444444444444445444444444455445555534545555545555555555552134555555566666675555565557774456544543322335344332242332123422123322223333336788888888775333344567
33333333785333333333333333333333333447743433444444444444444444444444454444456633444454445555555545541365555555555555555555555556764455556655555565555555555555445544444643443443356777777777764333345656
33333333885333333333333333333333333347743433333343444333333444444333444444457633444444444444455445442566455555555555555555555523764455555655555555555555565555555555555755555555556555555556654544445555
33333443785433334344444444334443343347633444444344444444444444444433444434357533444444444444444444444657444444444444455544555544765455555555555555555545555445555555555665555555556555555556655555555555
43344343774444344344344444444444444447743444444444444444444444444444444444457643444444444444444444446557444444444444444444444456864454444445555555555555555555555555445554555555445545555445555555555555
33343333784444433333433333444444444457733444444444444444444444444444444444456643444444444444444444457467444444444444444434444447775344444444444445445554555544554544444444445554444444455444445445555554
33443333785433333333334333444334334447733433334334434444444444444444444444457533444444444444444444468467344444444444444344444446775344444444444434444444444444444444454444444455555555555445455445544445
33433333785433333333333444443333333347743433333334434444333334444444344344367643444444444444444444377466344444444444444444444446875344444444444444444444444434444444444444444444444445544444444444444445
33434434785433334443333333343333443447743444444444333433433334333433443443367643444444444444443344366366344444444444444444444446775344444444444444444444444444444444444444444444444444444444444444444444
34444444795344444444433344333343343347742444443444433444443344434444334444467633445446444443333444365365344443344444444444444446775344444444444444444444444444444444444444444444444444444444444444434444
44444443485444434434444444443344444447742444434344444444443444444444443343467423447567544433334445366465344433333334443444444446776344444444444444444444444444444444444444444444444444444444444444444444
44444443685444444444444444444344444347753444333344434444333344443334444444467533458568754434344444476364444443444434444444444446876344444444444444444444444444444444444444444434444444444343444444444444
44344443795344433443444444444444444347743443344343334444433344444434444444467533459667774334444343576464444444444443444444444446776444444444444444444444444444444444444434444444444444444444444444444444
44334444695444444444444444444444444435733444444344344433433434344433444444467643448875566434443333576574444444333434444444444445776444444444444444443444444444443434444344333333333434343444444434444443
44444444695344344444443344444444444446643444444443444444433343444444444333467643446875234443443334577864444444444434444345444445876444444444444444333444444444443443444444444333343434433333333333444443
43334443695344333333444344444433443347742444454444444444444444444444444343467643444874444334455455489744444443444444444344444445876444444444444444443444444444444443444444444444444444444434444444444444
43444443685333333333434333444433333447742334444444444444444444444434444444467643444884677555666665588554444444444444443444444445875344444444434444444433443444443444444444444444444444444443444444444444
55454544386444444433443444444444444447743444444444334443444434444444444344467543444897766666666555776444444444444444444544444445775344434444444444444434444443444433333333333444444344444344444434444444
54555544585455555555544545444444444446743444444444444444444444444344444444357643444897666655555445455234333334444444444444333334676444434444444444344344444444344444444433333444443344343443444433343333
33444454696345545555555555555555555556753444445455544554444445544444444444337643445776676555555544343223343334433444444434433433576434443434444333434443444444444444444443334444444444444444443333333333
43333344585355455444554444445555554457743444445555555555554555555555554444457643455567766655566555322111354444444444444444444443466533334344334433433343443434444444444433333443444444444444444433334333
43334443596333433444444454444444444447742434444444444444444444444445555555468644567777665556665444422111244554444444444444445443446544434343443444444444444443444444444444444444444444444444444444444444
44434333596432233433444344434444443435743434444444444344444344444444445555567644634777666556567754322211234444444444544454445444545545544444444444444444444444443443344444444444444444444454444544444444
44344443496322233333333333333443333436642333334344434444443444344444444444467643412777655555466433322321134444444444444444444545545445555444555455554444444444444444444444444443344433444444444444444444
44343344455334343334332333333433334447642334444454444444444544444433444443467643436766556544541001222332135555555544444444544445545555445555566555555555555444444444434444444443444344444333343433444444
44444333334455433333333333333333334446652333443444445343444544544444444444357643466664455434541100122232235555666655444555555555565555555555555545544445555555555555444444444444455444444444443344444444
44544443443453233343333333333333334336652333433344444444444344444455444444467643455555444344444311211223324444556654455766555555666666666665565544555444444444444444444554555445555554554444444444443344
45665444444544444344443344333333333346643132333343344434444444444443334345467643555555544454333212211223323444445466676755556667666778766766665545455554444444444444444444444445444555555554544444443444
35883244334544444444444333333333343233433233333334333333344333333344334344347645557986544443322212211222322223457666666666666677777777666676666554555544444444444444444444344444444444444554455545544554
34553344443433345545445544444433333222323333322233334333333334344344444344337666579789633332212222211122233332355555566777766677787666666676676654455544444444444444444444444444444444444443344444445555
44444444444433444433445444544434343322233333333234333334333433454445444444457655799889742221112212211122223333224455667766666677676666777777776654445554544444444444444444444444444444444444443444444444
45444444444444444444444444432333334343344333444334334444433433434334344544468656899987743221112111111122223333311344567766666666666666666666665554344444555554444444444444444454444444444444444444434443
45444444444544444444444444433444544455544433444434444444434433444334544544457663567664452213211111111112222333321233445556666766666666665666665543333443454545455566665555444544444444444444444444444444
44445433443443333444343433444444444444433334333443344344444334443333444434457641334421043124211111221112222222322123433467666656665565555556665443222333343344444555555555544445554444444444544444444444
44445543444444444444434334454344344544444444444544444444444334444333334333456532233200143113211122211122222222222123332356665556655555555555664433222332344443433333333343444455555555555454444444444444
44444444444444444444433444444444344555554455545545544444444444433434344433356533332111332212212232211112222222222123332345566555665555545555654432222232344334544543333333333344444444455555555554444444
44444433444332333344333444433444344444544434344555544445455444333444344444355543322223322211022222121112222222222213322343345555556555555545655422222222244445444554443433443333444433444444445544545444
44444444443332333333343443333444334533344433444433444444545543343445443334334335332221222211111111011112222222222212222222233455555555555445665421222222244444444444444433443334444433433344444444444444
44544444444454444544444444444444444444443444444333444554444554454444444444343335332222222211110111111111222222222212222222222345665555554446754311222222234444354443343454454444344434433333433333344444
44444444444455444544444444444444444444444434433434344444444544445544455444455434432212111211111111211111222222222212222222222345555555554446644311112222244454443343443455444544444344344344333343343333
44454444444544344444454434444444444444434444434444434333333344445443454543454333454211101111111111111111222222222222222222222345566554455456543211111222244455444444444444454444444444454444444444333344
55555443444444433444443434444554544344444344443444333443444444445444455554555444321100111111111111111111222222222221222222222234566554454356432211111122244445544444444433444444334443444444444444444344
55555434444554444545554444455444444445444443344445444444444455445555554344465444321000111111111111111111222222222222222222222233455444543355322211111112344434444544444334444444344444344333344444444444
55544444445444445455444444554334444455554444433444444444444445544444444444445434432111111112111111111111222222222222222222222222333334433344222111111112443333333454434343344445454434444334454443344333
55544334433443445445544544445445444444444444434444444443444455444444444444444444432111111211111111111111222222222222222222222222223333333333211111111122344443443334422333233333334344434444444444334433
55554444443445445444455544454443455544544454444444445444444555545444554443444444332111113323321111111111212222222222222222222222222223343222211111111222233343333333333334334443333333344443334434334433
44444553444445554443344444553443345444444444443333433344554445555544544444444533344333334345541111111111222222222222222212222222222222333222111111112223224443345444333334343343343333443334444444334444
44454334444544544545544444454333444444444554433344443355444435555554445454445544444444544457642111111111222222222222222111122222222222222211111111112234334334444444444344343343444444444334453343344433
44444334444434444445544555454444454444445444434444343455444333555554334443345444444434444457754211111111122222222222221111222222222222222211122221112234334334444444434344444344344434434344433344334433
44453454444444455444445444454444444444544554454444444554444444555443222234444334444444444467763211111111122222222222221111112222222222221122222221112234333233344444434334343344344334433333443444333433
44453444444444544444444544444544444444444444445544444444454444444444324344443445444444344577763211111111122222222222221111111122222222212102222222112244343444443444433333344344434333434343333454333433
43332344444434455454454544444444445444444434444444344444444444454544434444444444443344444577765321111111122222222221221111111122222222121001332222112333334434433433443333344444334343443343333443333334
34433343333333344454444554444444444444444444544544444444455544444554434434344444443344455677766421111111122222222221221111111122222211210001333222112433334333333333333333343444334443444343334334443444
44434443333443333444445544444444344434454444544445544445544544454554344443444444443444454577666511111111122222222221221111111122211222200001333222123433333333333334333323333334444443444444344333333344
44433444543444443444444444444444443344344443333454544445544444444456554544555455433344544466655621111111112222222221221111111112222222000001333222222333333333333333333322333333333444344444443334334454
43433334443444444444443333434333444344443443433444454454555554344456555444545455445555543456654432211111112222222221222111122222222320000001333222223343333333333443443222333334334444344444433334444443
33333444443334433334434433443344444444443444443343443444445543433445555445534434434444444446653344222211112222222221222222222222233211110123233222223333333334333444443343333343333434444443433433444444
44444344433333333334434433444444344443443334433333434333445444443444445432334444333333444445653333222221122222222221222222223333332211111135222222223433334333333443333343333433333444334443333443444334
43444445444333333334444443444334444443444444334444444543444445444434444433444344345444444444666655322222222222222211122223333333333222111234222222223444344334444432343333433433344433334433344443343333
44344444444443433333444544433344344443333334334434444534334334334333333445444444444444444433698877753332222222222111233223333334444222222224322222223344454444445543344333334434553444434433334433343333
33333343333344443344344444444443333333244333333443334444334333443344434444434454433444444444898866654543322222111111222223444434444222222223432222223333434444434554444334443434433433333333333333343333
34434344433333344344333332334544333333334443344443334333333344444334444334334444544344444445999754444753332222111111233333443343335422222222443222223322544443444433334444445533333433333333443333343222
44444444433444444433443333444444434333333444444444444434323434433334434444433555444444444447999743224533333222211111443333343344435422222222344322223322444444444335333443333322334333333333333333333333
43443444333444434434443333434434334334354444454444554444333333544443344444444444444443444448998874222333222322221112443343333344444332222222233432222322344444343334444333333332322233333333333233233333
43443334334443333344443444433433333344345435443444454434543443545433344444333444444434445359998777422223222233222222432333333344434432222222234342222332334444333333334432223422332222333333333333333344
44343334343433333333444434444444333443333434323444343434653444333344344444433344444433444468998776433433322223222223343323365343443343222222223332222333333443344432344442334321222222223333333333433343
43333335343333344344433343444444444444433444333433444543553444443454444444333343444434443368778654344343333332222223443333354333444444322222222332222323333343334433464333323323222333333433233333333333
43333334334224433433433333334444444444444455433333434443444334444444444444434444444344443477547544444444444332222224433334454334544344422222222343222223433443333344344443333333344444334334334333344443
23233333333444333333334433333443334433444444434434434333334444444453334443443444444443334576534544433333333332222224444344544444554343433322222443222223444444533454445533343433344433332333434443444333
23222333333333443333343333333333233223344445434344443444333444433332333444444444444334344766544334433443333442222235444454443444444434433332223444322224435444533444444443444433333333333334543332443333
33322322234333332333333333333333333333444455433334454444434434433343432443344344443343446766544234444443334442222235445454453344333333333332223445222235454443444444444433444433333444333343333343333334
33333323334334333333333223223433344334433454444344344444444444433333343444334434433443446666654344334443433434322234334465444454433232323332223344222235554434434444443343333433334444333333333334334333
23333233444323333333333333335343343334323443434343333434443334434333343333334433334433356667664455334444444435422244433443344443333232333232224443112234553434433455544443334523434543333434443334444333
23322233322322333433333333444333233344334344333233333344322334534543433444333333334433366666654343443343454345432333433343333342323343334233223343112235543354554344344343234434334533344334433333456334
22223433322233333334333344333333333333333333333322334335333233343333433433344333333333367666544333432453364335443343433333332453334644334322223343112234433343332344333223222334332334344333332334444444
33323433333333333333333333433333333342333223333332233345433333333334323322344343343223467566534333332333344224333343333333323343223653343222223334112233432233323445323232122333332233333433333344444434
33334334343323333333333433334433333442333333333334333433423333323333333333433333333333356555423444433332334323432233234332223333333654344222223444112233432352223333221232222333333222222332224344433444
33333334343333334333344333333333344333333334433333333333432333333333334434443333224333446655323442344543343222443233333434333323233534434222223243112233323453222222222231222223222321111222323232345335
33333344334333344443433333323323334333443433334433343333333433333333344333433223234443356655224443344434432212433233334324333333234323433212222242112223332232222222111231222223222311211222222332334233
44333443343333443334433343333234343433333443334343333333333343444323454333333333334334446654234423544433333211232233333233232334234343322211223231112223221222111112221221112322111222422222122441222223
44444323323233344333444343443343333243333444334443333343334433334333344344433433433334436655334335533433432211121223233323233433333343322211223221111222322222111211221111222321111123312325323231342124
43444322222122233433334433432333334444333344333334434443433333333333343333333343443443335765333343333333333321111333323222233322333332233211223331111212212211112211111111112222521122311212323364354245
44344332232233333323344423333333334343334333333344323433434334333333333333333443334433334655333333334333333321112333334232233224333333332111224331111111111111111211111111111111521112341212343445444335
44334333433333443334323332344333333332333333344334222234324434443344344333333432333443344655433323333333443332123333333333344233332234332111223322111111111111101110011122111011212323322333333334332344
44334334344443344332323423433332333333333334433334433333434444444333443333333333443344345765433333334443433342223433323332333322333233332111222221111111110111111110000123011111211332243332364343333444
33433333344444443333334333333333433333334444543334443343333444334444333333343344334343335765433333343334333342213333333233322343432332243111123221111101110011111010001121011120231222253234323443323344
23323333444434333323234332333323333333333343333232323333433334334334434333333343334333434765443333332333444352223323332233321233432232363111122111111011000110011100000221111121322221242235532243123344
23233323444433222223233443334333333332333333233333223333343333433334333334332333334433434776553333433343554472223332232233332233332223553111122111101101101110001101001122111123212331232223233333233355
33334223333332322123234322344442333433323333333333224544444443344334443344343323334344545765542344434333454573222332333233233343332235542111121111100000101111111011101111111122111241333223344433233343
33233223444333323332122223334433333333333334444443344543343334335443334443254434444344555554322443344333333664222333432323333343433334421111111100100001111111122011011011111111132232134212333443323354
33234344323323432343222333333333333444543344443444444443333334335444333344444433443343444554222344343333334464212343333333333433333333311111010100000112211111111111111111112112154244534323334533234343
23233333333233333333333333344333333344433332433344444333333233344334434444433334444444444554443335333244334665212433333233333433222312111110001000011111211111111111111111122233433343536533334543334333
32334344443333333222234423333334334444322333433335344343333233333333433543444433455434344665665333332343333653222433333344343332222211111111111111111111111100111111010112233543433432335533344443433243
33334433333334334322355444433444444543334444433334344443343444334333444334444434444333444665565223433333435542122322344333333222111111110111111111111111111000001111211122323333334332333233323443432244
33333333333333333332334433334444434433334444444443443433443244444344544344443444444433334565543124333334335653112332243322122211101222222222223111111111111100001121221333323333333443333323223242233143
33333323333443343333333344444434444444443434554444333344344344444454455445434444444434443343321124443334335655312331222111121223223433344433333211111110111111111111112442233333333333333323323322344232
43333333443333343333342354444433534333344444443443333344445544444544443344333334443344343333222124544444445554311111111112232234334433334333333211111110111111111233233432233343323332223323323323322243
43332333333333343333343334443333324334444443433333333234443334444334543443333333344343334345333224444433334433221112111113433344444444234334333211111111101111122243332332222244332343323323222322212344
23332323422333354444443344543334335334444433333343233434433344333443343333443333333334444434543225543333223212223333233333233333434433333334333211111111112212233333222333333332333232223432322222323333
43333233433333333333334344443335344453344333433343233334443443333333433334434434333433444444444223333221112223323454443444434444444333334333333222221222233323333233334333333333333443333553332221232221
33333334433333343434334444444444333443333333433443333433344333433434434443334434343444444343343222222111112332333344442234444434343333433345433443333332344333233234434333333333423333233232322222232332
34234434333333443433334444334433344344333333433334334443444433444433333344333434543333344333222111111111234333332333443343333333344443333444444443323333344334323234433333334334333333334223322233333333
33333333334432333333344444334332344334434344344334334433344433433433344444443433332343343333332223432232344333333333444434433333333334444433333343333333344334433334443345335443333333343233223322333223
43334333343443234432343333323333544323433443343343334433345444333334446544335323322333443333333334433333343233333343444444343334333444455333333333233323333234444434323323345533334234344333333323322323
33333234342454434443333232333333444434434533333332334543445444466335434333334333333334433344344344433343333332322333444434434334433333454333343333433333323334443533333333343323344334334333322212332343
