11123348642222222221112222211123223376321122222114887753322232222211123222575222333322222333321122233367888888888888888888888887547888665444468777786534322353323212323445444678888888888888888887777777
11233248742222222221111111111112322376322322222222486333322332233222222232575322333322223223311112321246888888888888888888888877647888743333467776566433332343333312223333345788888888888888887888777777
33332228743222221222111111111012232376323322322222574423333322324222211122575322233322232223741112222234588888888888888888888787647887533332478753333333333343222212222222236888888888888888874566777777
44433338743333223432222222112234444267334332331122355422233333323132212333585322223322223335752111222222457778888888888888888787647875333333455643322333332333322222222222225788778888888888854344467777
54454448744444444544444444455555555576345444543344344434343434422254334343376322224322233233432112422222433567878888888888888777647644433433333345533333332223222222222222235686578888888887643333346777
44444458844444454544445555555555544576245554555555545555445545444555444453376333334322233332321112422223433334678888877788878777645543435433322344565443233322222222222233233554567888888887433333344777
44444448744444444444444444444444444576334444444554444444444444445555555555565334455444455545543333434444444444678888854478865677644554435322222254665333434421222222222232222333457888888887644333344675
33333338743333333444333344444444444576334444444444444444454444444444544455555345455555455555555555333555555555666666655565654577644565445322222453443322423321143211132222333333467888888887643333345674
33333338743333333333333333333333334476334334444444444444444444444444544444565344444544455555555554124455555555555555555655555677634555566555555655555555555554454444355433334433567778888877543333556564
33333338743333333333333333333333333476334333333434443433334444443334444444675334444444444555554454146545555555555555555555555237544555556555555555555555555555555555557555555555565556665566544443455554
33334348853333343444434443344433433476334444443444444444444444443334444344675334444444444444444443266644444444445545555455555447644555555555555555555445544555555555556555555555565555555565555555556555
33434448644433434443444444444444444576334444444444444444444444444444444444675334444444444444444444465744444444444444444444444577644544544555555555555555555555555554455545555554555455554455555555555555
33433348744443333334333344444444444586334444444444444444444444444444444444565334443344444444444444656744444444444444444444444477643444444444444454455445555545545444444444555544444444554444454555555555
44433338844333333333343334443343344576334333343344344444444444444444444444665334542344444444444445857744444444444444443444444577653444444444444444444444444444444444444444445555555555554454554445444555
34333338843333333333334444433433333576334333333344344443333344444433443433675334562554444444444446846734444444444444444444444577653444444444444444444444444444444444444444444444444555444444444444444454
34344348843333343433333334433344434477334444444443334334333343334334434433675334583554444444433436746734444444444444444444444467653444444444444444444444444444444444444444444444444444444444444444444444
44344448853444444444333433333333433477334444434444334444433443344434344434676333694664444433334435636634444433444444444444444467753444444444444444444444444444444444444444444444444444444444444444344444
44444435844444344444444444433444443477434344443444444444334444444444334444664233694676443333344435546634444333333444434444444467753444444444444444444444444444444444444444444444444444444444444444444444
44444437744444444444444444443444443477434443333444344443434444433344444444665334695577544343444545745634444334344344444444444468753444444444444444444444444444444444444444444343344444433434444444444444
44444448844444334434444444444444443477334433443433344443333444443344444444675334487666653344444446635534444434444434444444444468763444444444444444444444444444444444444444444444444444444444444444444444
33344447844444444444444444444444444366334444444443444344334333444334444444675334368653564344433346745544444443344344444444444457754444444444444444444444444444433344443443334333344344444444444444444434
44444447844444444444333434444444434466434444444434444444333433444444443334676434369642234334433346757544444444444344444454444468753444444444444443434444444444444334444444433333434343333334333334444433
34344437843433334334433444444344433477434444444444444444444444444444433434676334459743211344433446887444444444444444443444444468763444444444444444444444444444444434444444444444444444443334433444444444
34444437853333333334343444444333344576423344444444444444444444444344444444775334479844543245645556985544444444444444434344444468743444444444444444443344444444434444444444444444444444444434444444444444
44444435854444444334434444444444444577434444444443444434444344444434444444775334489956765566666557965544444444444444445444444467653444444444444444444344444334443333333343344444443444444434444444444444
45555446854555454554444444444444444466434444444444444444444444444444444444675334479977666666665567654434333344444344444443333457653444344444444443443444444434444444443333333444433433434334444333433333
34455547854455455555555555555555555576434444444554444444444444444444444442376434447876666555554444532334433444334444444344333335654444444444443333444334444444444444444333444444444343444444433333333333
33334447843554554445544444455555544576435455555555555555545565555555544444675444556767765555555443432135444444344444444444343333464334343443443334333334434344444443444333344434444444444444444333333333
33334336853434343444444544444444444576334344444444444444444444444555555554675345655677666556655553221124545444444444444444444443255444343344343344444444444434444444444444444444444444444444444444444444
44343336853322334334444444344444344266434444344434443444443444444444555655776346677776655566654443221113444444444455445544454454335455444444444444444444444444434434443444444444444444444444444444444444
43444436853322333333433333334433334366334333343444344444434443444444444444775435457776665555686542222112444444444444444444444455345555554444554554444444444444444444444444444434444334444444544444444444
43433444643333333343233333334333443476323444444444444444445444444334444344676433037776555554664333233212455555554444444445445555445555445455565555555555554444444443344444444334444344443334444344444444
44343433344554333333333333333333343476423334444444453434445445444444444443676334367665655456310012223322455556665555445555555555555555555555555545554555555555555554444444444444544444444444433444444444
45444434334532333433233333333333333476423334333444444444443444445554444444676334666544554445421012122232244444556554556665565555666666666655565545555444444444444444445455544455555555444444444444434444
55654444445444443444334433333333333465322223333333444344444444444433343444676435555554443544442112112233234444554565767655556666666778767666665545555544444444444444444444444454455555555554444444434444
68722443345444444444443333333333332344322333333343333333443333333443343443575335545555444543332122112223222233566666666666666678777777666676666554555544444444444444444443444444444444445544555555445444
45533444434343454454454444444333432223223333222333443333333343443444443443475455578864444332222122112222333323566555667777666777777766666776676654455544444444444444444444444444444444444434445444555554
44444444443334444434454444444343433222333233332333333333334334544454444444676665797985333321122222111222333332244456677766666677776666777777766654455554444444444444444444444444444444444444444444444444
54444444444434444444443444323333333333443334433343334444344334443344444444676557998897422211132121111222233333112345677666666666666666667776655554444444555544444444444444444444444444444444443443334434
53444444444444444444444443334445444554443344443444444444344344443345445444676568998877332211121111111222223333212345556566667666666666666666655543334443455554555666655554445444444444444444444444444444
44454344335333334433434333444444444444333343344433443444443344433344434344675535777645422231111112111122222323221234445677666666655665555566664433223433343444455555655554444455544444444445444444444445
44455344444444444443443444543443445444444443445444444344443444443333343344565413444210431242111112111122222222321233334667665566555555555556654433222332344433333333333444444566555555545544444444444444
44444444444444444444344455444443445555544555465454444444444444344343443334665322332001431132112232111222222222222233323356666566655555445556654432222332343344345433333333333444444455555554544444444444
44443334443323333433334444334444444445444343445554444444554443334443444433554333221013321121222222111122222222222133322234566555565555555556654322222222244444445544334334333344344334444555555455454444
34444444433323333334434434344433454334444334444444444455555433334444434333443333222232222110222211211122222222222122222223566655555555554456655312222222234444444444444334433344444334334444444444444454
44444444444544444444454443444444444434344444443344445454455545544444443443432353222212222111111111111122222222222122222223456656655555544457654211222222244544544434434444434443444444333334333434444444
44444444444544455444444444444444444445444343334333444444445444454444554444543353322122222111011112111112222222222222222222345666555555544456543211112222244544433434434554444444443443443433333433333344
44544444444434444445544344444444444443344444344444343333334433454444545444543343222121112111011112111112222222222212222222235565665544554466433211112222244544444444444444544444434544544434444433333443
45544444444344334444444444445545444444433444434433334334444444454444555445544445542111011111111111111112222222222212222222234455665544553465432111111112244555444444444345444443444434444444444444443444
55554344445444445455544444554444434444444334444444444444444554555555543445545443221001111111111111111112222222222222222222223335655445443454322111111112344344444444443344444443444443344334444444443444
55444444454445444554444345543344444555444444334444444444444454444445444445554443100001111111111111111112222222222222222222222234554334333453222111111112433333334544343334444544544344443334544443443333
55443344344434454554454444454454445454444443344444444434444554444434444444454343211111111111111111111112222222222222222222222223554333333332211111111112434434333343233433333333443444353444444343443333
45444444434444454445555444445434555454445544444444554444445555454445443434444433321111112111111111111112222222222222222222222222343333443222111111111222433433233343333433344332433343444433354443343334
44445434444455444433444445534433444444445444433333343455545555555445444434444433321111133333211111111112222222222222221122222222233233432221111111112222243433454433333434434433333334433343444443344433
44544344445545445444344445433344444444445444334344334544444455555444444544455443443443343455411111111112222222222222221111222222222233222121111111112223343334444444343443433334344444443345433433344343
44443344444345454455455544444444544445544444344444435544443345555443444433554344444444444466421111111111222222222222211112222222222222222111122221112233344344444444344444443444443444343444333433344333
44434444444445444444544445444444444444445444444444445544444345554432222344443344443444444477642111111111122222222222211111112222222222221122222221122234333434444444343343333443443443333344344443344334
45534444444445444444445444445444444454444444454444444444444444444432343444434454444443444577632111111111122222222222211111111222222222112112222221112233334334444443333333433444443334343333334533334334
33333444443444544544444444444444454444444344454444444444444444545443344444444454434444444677642111111111222222222212211111111122222222121002322222112233443444334344433333444443343434333333344433333434
34333343333334444445445444444444444444444344454444444444555444445544344344444444433444555677653211111111222222222212211111111122222222210001332221112333343333333343433333344443444344434333333343434433
43334433334333334454455444444444444344444445444454444454445445545443444434444444434445545677664211111111122222222212211111111222221122100001333221122333333333333343333233333344444334444433433334334433
44334444334444344444444344444444433444444344334544444554444444445554545445544553333445445776656211111111122222222212211111111122222221000001333222222333333333333333332233333334344443444444433443344533
44333344334444444444434333443444443444334334334444545545555543444565544455454554455555433666655311111111122222222212221111122222222310000001233222222333333333333334332223333343334443444444333344444434
33334444433444333344343334433444444434434444433444435444555444344555654455344454444444444466544422222111122222222212222212222222333211111122233222222333333333344444434323333433343444444344334334444334
44443443333333333343343344444443444434433443333334343334454444445444443333344433333344444456533342222111122222222222222222223333332211111243222222222333433333334433333333334333344433444333334434443433
44444454433333333444443444443344444434443443344543445444444454443334454334444443444445444435644332222222222222222112222223333333442222111243322222222343443344344324433343334333443333443333434433333332
44444444444334333334445444333444434433333443344444444343443443433333334454444444444444443434777765322222222222221112332233333334432222222234422222223334534444454334443343334345434434343333444333333332
33434333333444433434444444444343333323433343334333344443443333433443344444445444444444444445988777643333222221111112322234444343433222222234432222222333444443445544443344444345344333334333333334333333
44343444333333434433333333344443333333444433344333343333333444443344443443344444334444444447998655546533322222111112333334433433443222222223443222222332344334443333334444454333334333334344433333322332
44443444334444444334333334344444443343334434444434433333234344333344343443344554444544444459997533346433333222111114433333433434464322222223454322222332244444443443334443333233343333334333333333333233
44334443344443344344433344343443333434444444444455545343333345444433444444344444444334444369988742224333223222211124433433433444444322222222444432222332244434433344443333323232223333333333332333333333
34433343444433333444333343344333334443554454434445444344444445444334443443334444454444543489988665222333222332222224334433333444344332222222344443222332244443333433343232333233212233333233333333334433
44433443443333333344444444344443334434334342344434434356434443333434444443334444444344444488997665334333222232222223333233643444333432222222233433222332244433433223434333343212221222333333343333333433
33333444333333443444334444434444444434334433334444444346434444334444444433333334444344443586786553334433333322222234333334643334434443222222223333222233344433354235644333343222223333333332333334333334
33333343342343344444333333434444445444445544333344444345443344444444444443444444443444434776366443444444443322222244333334533345444444222222223434222222334433333444434333333333334443443343333333344443
32333333333443333334344323344433444334344543343343333334344444544534444444344344344433335765435334334443433322222244433455443445443335333222224443322222334445334543454333444334444333323344344334443333
32233333334434333343433333333322333334444453343444344443344444333323344344444444343433447765543233334433334422222344434444334445444444333322234445622222444445344544444434344333333333433354434334433334
32223223333333323333333333333333333344444543333444444444343443333434334334443444333334467666542344444434344332222354454544433433343333333322234444422222444445444444444334444333344343433343334333333334
32233233343333233332332232244333434343334544443444444444443443333344435434343444334434466666543443434334343464222343445645445543333332233322224443322223544344444444333433344333344443333333333433333344
33323334443333333333333333444433433343334434443433344344433344433334433333344333344343666676644543344444443664322443344434434433323323332322243422422224433344334554444333344244344333333344333444443333
23222333333223343333333334543323333443343434332333333443233354355334334443333433344333666665433443444434434654323343334333334323233433332332233433521223434546434544434432343343343333443444443344643433
22233333223333333333333443333333333333333433333233343452333343433333343333433333333333677665333334334434643554433334334333324433355443443222233443421224333443323433322332233333233333433333333344544444
33244333323333333333333344333333433323332233333323333453332333333343233233443433322234675665343333224433532543333333333333234332246433332222243443311224322333243542322321223333223232244333433444434455
33433333433233333333334333443333334323333333333333344343233333333332333234433333333333565554234344333223442444322333333322233333346443432222244553311234214423233432212221223332322212233322333444344444
33333434333323333333433333333333443333333344332333333344233332333333343344433332333343466553234324354333432354332333343333333233346343442222223543211224335422222222223312222322222211122222322234543455
32333433433333444334333333333333443334443333343333433333334333333333443344332232444434566542344424444344322254332333333333333333342244332122223343211223223322212211112212232332222112111122223123432334
33334433433334433443334433322433434344233333343333333333334434433334432333333333333344465432343244443343322144322433332433323332433323222122223432211223212221111121212211133322122124221121325212112344
44433333322344433334444433333433333433344433343433333433444334443333433443343333333344366542343354344334322123312333333232324342433433122122232322111222222221112112111112133211111243223351323214210243
34432222212223344333444334323333333443333433343444344434333333333333433433333334333343356553333433333333332111123332231223333233333222322122333322111222122111212112111111123134111222123142325534522443
34433223322223333334443333323243444443443333333433344334333333333334333333334334344333346443233323433333333211123333332323322332333323321122343222111111121111112111111111111134111224212123335554443443
43433334333344333343333233433333433223333333433332223343343344333443433332344333344333446543333233333333334321233333333323432343323343221122343222211111111111011101111111100112121223233233333333323444
33443334443334433332233234433223333233333344333343323343343445433434433333333344334433557643333333344344334322233333333334343223322333221122232111111111101111011000001320111112122312343324633433334434
43333333444434433333343333333333333333443344333344433433344444444434333333333443334433456543233334444443334321233333332333233423223322421111232111111111101111010000012100101123122323533323334333233433
33333334344443433323443333233333233333344334323223343333333342343443343334334433343433356644333333323334434322233333323332123334323313621111221111110110011001110000012211111113212223423453223422333432
22333344444432232223344333443233333323333323323332233334332333333443333333323343443344346655324343334435435322233333323333222333323236311111211110110010011000120000011211111212213122322233333322334542
33432233333332112333343324444333343333233333333322344434443334433444334443323243333444345543223443433334546322233222323423333333322353111111211110011011111111110110111111111121114323322334443332333433
32332233433333223211322233354333333323333444344433454434333433444443434433543344433445444432123434443333436322223334322233334333333341111111111111000011111101210110111111111122213213421233334333334533
32433443332243334322233233333333334345433434344344444433333443454433333434444334434444445632222343433433445221224343333333334333333321111111011000111121111111111111111101122213633443332223354323333533
22333433332343233324333334433233333444433334334444443333332333443443344444333344434443446644442353323433445221133433332333333322221111111100000001111121111111111111111111322233423354363333454422433345
33433434333333323222343233333343344433233334333444434333332323343344345334344345454444445644442233233433345122233333333433433311111011111111111111111111111011111101111213344343344323464333445334333433
33343443333333432224544343333444454434344444343433434434334433343334443344443444443344444443321134234344453111223223343433311211111111001111111111111111110000111011111334233333433333333333335334223442
44333333333343333233454433344444443333444444343334444344434443444444333444434444443333344332111133333343454111124223432222211111112121112212321111111111110000012123223233232323343333332232323423222432
33332333334334333333343434444444434444444345444443333433433444445445544554344444543444433343111134333443465211123312221111222222233333343323321111111101111111111122134322333333333333332332333324423323
33332344333333433234324444444344443434434444434433334444554445445444434443343444434434433454311144443444443111111111221123333343343333343333321111111101111111123222344322333333333232333233333233323333
33333233433333433234324444443243342343444344333333333444343344443345334433333344433433434443332243443332211121111222211354333444444433443343211111111111111122223333233222233533234323232232233232123444
33223343334334544444433454333333443344344433333323333344333443434334433334433333343444453443331323333211121233343333333433333434343333333342221111111111121223333323223333233323323322243132222223233443
33332333333333343333333444433444444434443334334332333344344433334344333444344343343334444333431111112123233333345444434443344434443333333322331212112332333233323332333343233333334333356433322123322222
33333343343333343333454444434533335433333334334433334334433344343444334333444443434444444344433221132123333332334444323344444334434344434443343433332233443332323444343333333343233333333323222223223223
33343443333434334333444443344333334432333333333433444344443344344333344433343345434344443333334434233334333334323344323333333333444333344543444332333334433432333444333332433433333233432222222332333323
33343333343333334333444433343334443443343434443333454334343333344333444444343334234334333333333344333334443333333334444443323333433344343333334333333334433353333444423533453433333333432332332233332332
33333333434323343234433432333344433343334423433332453334444433333444564443443332234334333333333344343334332333334334443444333333334444643332333323332334332354443432333334564333332444433333333232222232
33333334335433444333322332333344432343355333333333344344453445643453443333443332333334333443433444333433333222233444343444432444233335633333433333333332233434344332332334433233433333433332232133223432
