11111233358632222222221122122111223232475322222222215886543222332222212122222764222333322222233211122332466888888888888888888888787548888654433577787786434322453333213323443344688888888888888888887777
22112332258632222222221111111111113221485323322222222674323332322243232211233764222333322232234411122221257788888888888888888888787548888633333577665465433333443223312222322246788888888888888876777777
33333322238643232222321111111111123342486324222322132664422233323333232212233774222233332222325731112222233678888888888888888888787548885433333577643323333333333222222222222236888888888888888864455677
44444543349744333233432233232223344554376344333431232355412243334322242223353775322224222233335642112322222546778888888888888888787548864333333444544322333332233322222232222236787678888888888744333367
55554454459744444444554444555555555555676255445544554445444344435333454334352475322234222233332322122422222433557888888878888888777647533434433323335444443332222222222222222345675578888888887543333346
44444444459744444444444445555555555444676245544555555445445455555455555545554575333345333343433421112433333433334688888876788877777645543436322222354665443334322222222222232223444568888888887433333344
33333444459744344444444444444444444444576344444444544444444444444444555555555554345455554555555554445531344555545777888754467754677644654435222222344654323423321132222222332332333467888888887643333344
33333333349743333333444333344444444444576344444444444445444554444444444544445555344454554455555555555531555555555656666655665655677645555556444444554444333434432353222253222223333567888888887643334456
33333333349743333333333333333333333333576333333444444444444444444443444444444675344454444545555555555523665555555555555555555555467535555566555556655555556565555555555466444444444567777777777533333456
33333333349743333333333333333333333333586334343433434433333333434443334444444665344444444444444544544436565555555555555555555554247644555555555555555555555554555555555557555555555565555555565555544456
33333344359743333343444444443444444444575334444444444444444444444444344444444765334444444444444444444456475444444444444454445555467644545555555555445555555555555555555556555555555555555554565555555556
33433434458544443433443444444444444444686344444444444444444444444444444444444665334444444444444444444476585444444444444444444444577644444444445555555555555555555555544455445555544444445554454555555555
33334433348744443333333333344444444444686334444444444444444444444444444444444565344444444444444444444585674444444444444443444444577644444444444444444444444544445555444444444555544444444554444544454455
33444333348744333333333343334443433343576334333333343344444433444444444443444665344444444444444444443684673444444444444444444444577644444444444444444444444444444444445444444444454555555554554544445444
33344333348743333344333434344433343334576334433434444344343333343444434434434665344444444444444444443674573444444444444444444444577654444444444444444444444444444444444444444444444444444444444444444444
33334344448743343444433333333333334334576334444444444334334333443344434444334775344444444444444333443553563444444444444444444444477653444444444444444444444444444434444444444444444444444444444444444444
44444444448843444444443343444333433433576334444434444444444334444344443334444665333444444444333344453665663444433444444444444444477753444444444444444444444444444444444444444444444444444444444444444444
44444444436744444444444444444433444443576334344343444444444434444444444434344763234444444443333344544763553444333333344444444443478753444444444444444444444444444444444444444444343444444444444444444444
44444444448744444444444444444444444443577334433333444334433333344433344444444765344444444444444433435763644444434444344444444444478653444444444444444444444444444444444444444444444444444444443444444444
44443344448844444344444444444444444443576334444444433444444334444444344444444775344444674443344433335765744444434444434444444444467753444444444444444444444444444443444443444344444444444444444444444444
44444344448844444444444444444444444444366334444444434444344333333444334443344775344356886543344433345778744444443344344444444444467753544444444444443434444444444444344444433333333334343334434433334444
44434444448844433444444433444444444434576334444444444444444344444444444433444775334466755554445545555898444444444444444443444444468753444444444444444444444444444344334444444444334434444333334333334444
33434344448843333333334443444444333333576334444444444444444444444444444444434775334478746765566666656985444444444444444434444444477753443444444444444434344444444444444444444444444444444444444444444444
44444444437844334333334333333444333344576333344344444444444444444444344444444775334458667666666655567764445544454444444444444444468643444444444444444443344434344434343443444444444444444444434444444444
55555555435854444444444434444444444434576334444444443444444443344444444434444775334447876665555554445643344444444444444444444444467653444344444444444444444444434444433333333333434433433434444444334444
44444555547844555555555555454444444444566334444444444444444444444444444444443575334556767765555555443432332443344444444444443333468654444344443443333443434444444444444443333444444434443444444433333433
33344444547844455455555555555556655555576334444555555555555544555554554444443575345655677665555655553221322443444344444443344343457754434333443443344334334444444444444434333344444444443444444433333333
44433334447843544544445444444454445444576334444455555555555445555555555555444775346677776655566654443221112455444444544444444443455664333343443343333344444434344444444444344444434434444444444444444343
44433334337853333334444445444444444444476334444444444444444444444444455556655775355358776665555786542221112345444544544444444454445454444444444444444444444444443444444443444444444444444444444444444444
44443343336853322334334433443334444344266334344444434444444433444444444455555775342157776555554653332222111344444444445445544444445544555544544444444444444444444444434443444444444444444444444445444444
43443434436842333333333333333334433333476323433344444344444444444444444444444775334576655654456310012233212454444444444444444454455544544444456555555545544444444444444444444444334444344444444444444444
33444433443444444333343233333334333443576323344445444443344445445444344444434676335656544554445311012222222455556555544454555544555555555555565555544455555555555555444444444444444543444443333433344444
34445444433444543333333333333333333343476423334434444444444445445445554444444676335555554444544442112122232454455665544566555655556655666655555544554444444444555555554444445444444554455444444444444434
44444444444434433333433334443333333433476323333333444454444444444444544444444675345456545444443332122112232244445555446676555566666666776666666544555544444444444444444445445544555555555554444444444434
44467743443455444444444433433333333333555322333333333343344444444434433343454775555689864444332222122112233233334556767665566666776677876666666554445544444444444444444444443444444445545555545455444444
54467722443445444444444443333343333432333323333333342333333433333333444443443576655987985333321122222112223322346666666666666666777777666667666654455554444444444444444444443444444444444444444445445555
54444434444434343454444454444444443332222233333222333443333333344444444443443575669998887322211132121111222333323555555677776667777766666777666665445554444444444444444444444444444444443444434444444445
55444444444443334444334454445433333443232333333333443333444333334444454444444676568998777332211121121111222333321245556786656666666666667777776555444554555445444444444444444444444444444444444443444333
45454444444444444444444444443323334443444443334443443444444344444333344445444676435666534422231111112111222233332123455676666676666666666666665554333444455555544444555544444445444444444444444444444444
44454444444445444344444444444344455444554443344444444444444443344443345444444676223343100521241111112111222233333212344455676666666666655566666544322343334444445556666665555444444444444444444444444444
44444454334444433344443433334444444444443333343345434443343443334443334433344565322321002421132112232111222222233211333345666555666555555555666433322233334434444444444544544444556554544444444444444444
44444455445544344444444344445543443445554444444455444444444443444443343443334664333221123321121223222111222222222221233233456655666555554555565443222222234444444334333333334444555554555555544444444444
54444443344444444443443334444444444445555544454455455444544544443334343443434664432222232222110222211211222222222221233222345665556555555454565443222222233343344445443333333333344444444455555555555444
44444444434433323333334334434344433444434444343445544444455554433334443444433554452322212222111111111111122222222221232222355555555655555554566542222222234444454445444445344433344444334344444444444454
44444444444444333443334444433344443454333444334443344444454455434434454433343332453222122222111011111111122222222221222222333334555555555544566541122222234444444444444444334433443434334333444434444444
44444444444445544445444454444444444444444433444443344445544445544554444444444543343332111011111011111111122222222222222222222223345555555444675431112222224444544544434434544544444444443333434333333444
43444444454444544445444544444444444444444444344344433444433334443454444545444544345542110011111111111111122222222222122222222222334555555444654321111222224544544433434444544454444443443443433434433333
44444544444444433434445444344444444544444344444334444343333343444454344545445544432211001111111111111111112222222222122222222222234555444544653321111222234444554444444444445544544444444544444444443443
55555554434444444344444444444555545444544443444434443334444444444454455554545644443100011111111121111111122222222222222222222222234455445434643221111112244444445444444444344444443444433344444444444443
55555554344445545445455544445544344444455444434444454444444445454555445544445554444211111111211111111111112222222222222222222222223344444334532211111111244443334445444443344444544444443443333444444444
55565444444454444454554444345444454444555444443344444344444444554444444444445444444321111111111111111111112222222222222222222222222333333333322211111111234433433334444333433343444543344443344544343443
54555544344434434454445455444445444445454445544444444544444444554454445443444444444321111132332111111111111222222222222222222222222222333333221111111222333444434333343233432333332344444444443344443344
44544445544444465444444555445544434555454444444443433454445445555554445444434444433343333343554211111111122222222222222222222222222222234322211111111222332333433343433333333444433333333433433344443344
44444545444444456545443344445534443444444445444333334333455544455555445444444445344444444445765311111111112222222222222221122222222222233322211111112222232244433454444343443433333434344433344444443344
55454543344444445455455445444444344444445544544334444434554443345555544454543455444444444445775531111111111222222222222211112222222222222221111122112223443343344444444444443443434443444443444433433344
44444444444444345454444445544544444444444444444444433445544443345555433333333544454454344446776421111111111222222222222211112222222222222221112222111233344433444444444343444433443544344333444333443344
44455634543444445444444444445444444444455445544554444455444444444454432232344434344444444446776432111111111222222222222111111122222222222122222222212243334333334434444333343433343443344343334434443334
44543434444544445444444445444445444454444444444454544444444444444545443343444344454444444457776532211111111222222222222111111111222222221210233222212343333444444434344333333443443443434433433334533333
44433333444443334554545545444444444454444444344454444444444544444545454344444444444433444457776643211111111222222222212211111111222222212100233322212443333343334334334433333444443343444434433344443333
33444333333333333334444455444444444444444444445445455444444545444445544344333444444433435557766652111111111222222222212211111112222222221000233322213444333343333333343333333333444444334443433343344434
34544334434334433334444454444445443443344554444434545444555444344545543444444444444334444456666564111111111222222222112211111112222222220000233322223333333333333333333333233333344334334444444443443334
44444334355334444444444444444344444443444434333334455444555454544445565545445554554334555445665444221111111222222222112211111111222222100000233322223333333333333333433332233333333344443444444433343445
33334333344434444444444433334443344344444434434333444445544555444444555554455454454455554435665334422221111222222222112211112222222332000001233322223333433333333344434433323333343343443444444333344444
34334444444333344333343344334434443444434434443433334334434455444334544553444344444333344444576433432222112222222222122222222222233321111113323322223333333333343334444434433333433344444444434334334444
44444443444433333333444443344444444444434433443344444344334454454444443454323344433344444444466676542222222222222222222222223333333221111113322222223444333343333344323433333334333344433444333334434433
43444444454444343333344444434443344444434444443344444445434444444443334344444433444444444444458888875322222222222221112222333333344322111222322222223444443434345554323443343334333444433343333444433333
34433444433443444433334445454434443434433332343344344444343343333333343234554444544444444444369987776443332222222111112322333333344422222222332222223334444545444445444443333444345444444334333343333433
33334343443333444433443443434444343333333443343344433344443443334433444444443344444334444334479986555457433222211111112233345444343432222222232222223323344344434445433443445444344334333333333433333433
44444443444334443434333333323345443344334344434444433333332234344443344443443344445444544443489985333356333222221111124443334333433452222222234322223322445444444443343334544354333344333333334433333323
43444434444334444444344433334444444333333434444444445444443333344334344344444345554444434444699997432343333332221111134432433433444453222222224422223322344444434443443334333323233343333333333333233333
34434433443434443333344433333343333344443544444544445544333344335444334443444334444444444443798988863233322222222111234433433333444443222222212431222322444444444433344443332333233212323333233333332333
34434433343344333333444444444344333333433344353344444544345434444454333444443334444444444444799888874222222222322222233323333433444334322222222432222333433344443433323344323334223321223333333333333333
34443433344434333343344444444444443344434334332344444444446434444333444444443333434434344444789988863334332222322222243433234743344334422222222232222323333334433344234544424343211222223223333343334333
34433333353343333444444333334444444444444434554334334445336544344434444444433344434443444434788987643434433443322222244443333533334444432222222232222223434334433344344543333233332223343344332333333334
33333333343342353334334333333334443444444444544333343343434443344444444444444344344443443335775785444444444443322222343433344433355443443222222233222223433334434334443344333443333444443333344444433444
33232233333334444333343444333344433344333444454343443343333344444444423344445434444344433345764375443333333334322222344443444444445444334332222243222234444454445334544454333434333333333333334344434443
43333223333343334433333423344333333332334444454333444444443344443333323334444444444343344447655454344344433334322222554454444424444344344333222243222243553454444344444444435444333333333333344433434433
33332223222333333233332333233243334443344444544333444544444443344333444334434343444334434457665552343444434344322222454455545534443333333333321233222233455544344444454444333444333344443333433333433333
33333333333344333333333332333334433443343334434443443344444443444343333434433344343334434367666543443344444343222222443345644445544332323233221353212233445534344344454443433334233445443333334433343443
32223322334433223333334333333453433333343344444343433323344333344344434433333334433344333466666644543344434444233223444334333444323233433332222253112243355533445444554444433444244355433334344443344544
22223222333223223434343333333443333333433433443333223333443233354344334344443333333344332566677643334434434543243323334334333334433234444442322232112354364434545564543433332333343344434443344333334564
22233234334222333333342333444333333333333232333333222333463332333333334333233443433322333676666543334324434642233334434334333324432356433342222232112343344333333333443332332323333333454443334423454434
22333334333433333333333334334333334334423332333333333334443333333333343233224433333333234676676443333333333432223323433343323233333336443432222242112344234322323234452222331223332322444333434444444444
22333333343433223333343434333344333344433333334433333334344223332233333333334333333333333565666434434334323442113322432343332233233336443442222232112233233324522223322212322223333322322333323343444334
44333233343443333443333433333333333343334434343333333333334333333333333344444433332343434566664334423444444422212222333334343333233334234332222331112233333224432322222112322222232222322222222232223463
34433334433443334434433334433332343444334333333344333433333334434333334553234332333444334566653234434444344321211222333332332333332443233322112221122233333312322222221112311222232222123222311234433332
34444433333433344432334333433333443534333334433343433333433344444443233443333333334334344466653243245344334331111112333333332324342333423222111221112233232212221112122212212223321112234112231223313333
45434442233221333343333444434433333332443333443344443334433443333343333443443343334333344367653343344333334332111112232332222334232433333222111221111133233222221111112211112223212111222123143233423532
44433443222321222334333444333323333344443343443333444344334333333333333433333334434444433357764433333333333332111123333242322323322333322331111331111123232112111222111111111122225111224312123334665543
45444443323323334333244433333343233343333343333443442223334344344333333333333344333344333347765333233332333333211133333332323332243333333321111231111122111111111112111111111111123111236421123324454333
44443443334443334433343234333443323334323333334333343222343344444433444443333333334434433446665343233233334434322243333333334343333322343221111221111111111111111111100011111111112224243234333443434333
43334433333444433443323234333333333333333343344333344433434344444444334433333333344333433457765333333444433334521243333232323333323322333321111231111111111100121111100001110111112212323443322543433334
23233333333444444433333443333322334333333334435333333333433334443343443334333433433344433457665443433333343335621233333332333223434323322631111232110111110111110100100112210011102322323533453233432233
23233233334444442332222444333343233333323333423322332233334333333343444343333333433344334337665543333333434445632233333322333212333323324631111221111111111011100111001002211111223322212322344223431333
33233343234343332122233334333444333333333233333333322243433433334433343333343323333344344347766654344343444546642234222233433323333322346431111211111001111111110011110011111211233123312322222433332333
33333342233443333222221332224445323334333233444334433355444434433444444434443543344443445447777754443443333447653233333322332333433333355442112111111000011111111110110110010111212112323332234434332333
44332342344433233323321122233334333333334433444445434445433333443364443333433544434433435557766534433443333346653223434333233334434333344342111111000100011111111210111111101111112532332342223345423233
33332343443233344334423333334443333334345433434333444444433333333454443333444333444433444456653323443433343445543134443333333334333333332232100000000111122111111111111111100121222542455343333355432343
33223343333342333333333243233433333343433223334333444443333332323443344345444333334444444446654422443333433347654234333323333333322333221111100110001111011111111111111111111123334334334365333444333332
33323343444333334332223444333333344445443334444333353444433333333333334444434444345444343446767544434324433355566423323333444433332222211011111111111111111110001111111110221135433344323354333345434332
33344344333333343343233455443334444445333344444343334434434434443443334433444444444443334446557754334333334455543323323443333333221111111101111111111110111110000011012112211232333343333332333233423322
43333333233334433333323344333344443444334444345444344434344432444444545444454434444554343346446642443333343356542124422332222221111123221123222332111111111111110011011014322333333334433333232233422331
33333333334334433443333333544444444444433434334544443333443454445445444544454344444444444446434311554433444455553123211111111111132234233344333333211111100111111111011124422333333333333333233333233432
44433333334443333433223423434444334343343445444433434333444445344444445434443333344433433435433221444444344455443211111111112222344444443344343333311111111111111102323334322233443223323233233233232222
43332323334333333544334433354433333343344344334333332333344433344444344433434433333443443454444421355443334445433221121111123333444444442433353333211111111011111223323323323233432333432133222223223123
33333333234333334444344433444433343453443444333333432334344334433334433333344433333233344444555431254333343344322222233333333333433344333333333332111111111112122333332333334233323333322235333322223333
34433333334334333433333354444443453444533443334333433333333444334333334333344344343334444444555332233243332222112234444433344444444443334443333333322111112333233322333343333323334334433335533322212322
43333344354333334434343445444344433334432333333334433444334543334344343344443344344444344443555432333333221122113333334323433433333434434334553344432233323443332332344343333333343233322332323222222323
33332343333334334434333344443343333443443343334433343344334444334444323333444334345423333443456422222222212133233333334443433333333444333345444434433233333433343233344432342343443333333442232233333333
43433343333344423333323443433243334343334333433443343344333444433333344454444344333224434433444211011211222332333333334444444333333333444443333333333333234443355343343433443365433333343433333333223322
33433333333434533344333432332233345443234335433333333344334454444443354454333453233233334433332111113323333333333234434444343433344334444653333343333333333332344445342233234554333343343443333333233323
33333343344434555444433223323333334554444455333333333344434444443663453344443343333333244333443322334333323333323222334444333343334433333432333433343333333333433345333333334432233443343343333222133334
