11233487422222222221122222111232233763211122221148887533222332222211232215752223333222222333211222333678888888888888888888888875478886654545687777865343223544232123234454445788888888888888888877777777
12332487422222222211121111111123223763223222222225863333223322332222222325753223333222222233111123212468888888888888888888888776478887433334677776764333323433333123233333457888888888888888878887777777
33322287432222212222111111110122323763233222222224743233333223242322111225753222333222322237411122222356888888888888888888888876478875333324787543344333333432222122222222368888888888888888756667777777
44333387433322224322222221122343442674343323311223654222333333231322123335853222233222233357521112222224577888888888888888887876478753333334566433223333323333222222222222268887788888888888543444677777
44544487444444445444444444555555555773454445433443444333434344222533343434763222243222332334321123222224345688788888888888887776476444334333334455333333322233222222222222366875788888888876433333477777
44444588444444545544455555555555445762455545555555455554455454444554444533763333343222333323211123222134333356788888787888787776455334354333223445654432333222222222222232335545688888888874333333457777
44444487444444444444444444444444445763344444455544444444444544455555555555653344554444544455432234344444444446788888554788656776445544353222222546653334344212222222222322223335688888888875443333447757
33333487433333334443343444444444445763344444444444444444444444444445444555553455555554555555555555555555555556666776555656545776445654353222224544433224233211432212322223333334678888888876433333456746
33333387433333333333333333333333344763343344444444444444444444444445444445653444445444555555555432345555555555555555556555556776355555665555556555555555555444543433553333344335678888888775333335575635
33333387433333333333333333333333334773333333334344434333344444433344444446753344444445445555544413545555555555555555555555552475445555565555556555555555555555555555565555555555665666666665444334555544
33343488543333434444344433444334334763344444434444444444444444433344443446753344444444444444444415664444444444455555554555554476445555555555555555554555545555555555565555555555655555555655555555565555
34344486444334344434444444444444445763344444444444444444444444444444444446753344234444444444444336564444444444444444444444445776445455545555555555555555555555555544555455555555555555544555555555565555
34333487444443333333333444444444445863344444444444444444444444444444444445653346224444444444444455574444444444444444444444444776444444444444444555554555555455554444444445555444444445544445545555555555
44333487443333333333433344433433445763343333433443444444444444444444444446653357225444444444444465674444444444444444434444445776534444444444444444444444444444444444444445455555555555544545545554445555
43333387433333333333344444334333335763343333333443444434334444444334434346753358536444444444444585674444444444444444444444445776534444444444444444444444444444444444444444444444555555544444444444444545
43443487433333433333333344333443345773344444444443443343333434343344344336753358736444444444334584673444444444444444444444444677534444444444444444444444444444444444444444444444444444444444444444444444
43444488434444444433334433334334334773344444344443344444334433444343444346763359736544444333343574573444444334444444444444444677534444444444444444444444444444444444444444444444444444444444444444444444
44444368444443444444444444334444435764343444434444444443344444444443344446642359736654433333443463573444443333434444444444444777534444444444444444444444444444444444444444444444444444444444444444444444
44444477444444444444444444434444435774343433334444444434344444333444444446643348835765443434444364563444443343443444444444444787534444444444444444444444444444444444444444443434444444444344444444444444
44444488444443344344444444444444435763344334434343444433334444433444444446753347955666433444454475463444444444444344444444444687534444444444444444444444444444444444444444444444444444444444444444444444
33444478444444444444444444444444443663344444444434443443333334443344444447753346976446543444444575463444444433443444444444444677534444444444444444444444444444344444434433343433444444444444444444444444
44444488444444444443334444444444344663344444444344444443344334444444433446763345886423443344333575564444444444443444444544444687534444444444444334444444444444443444444444333334343433343343333344444344
43444488434333343444334444443444335774344444444444444444444444444444334346763345896421134444334576864444444444444444434444444687634444444444444444444444444444444344444444444444444444333343434444444444
44444378433343333333434444443333445763333444444444444444444444444444444447753346997332113444344479854444444444444444343444444686434444444444444444433444444444444444444444444444444444444344444444444444
44544358544444443444344444444444445763344444444434444344443444444444344447753347998456543555565489644444444444444444454444444676434444444444444444443444443344433333334434444444334444444444444444444444
55544468545554545544444444444444444663344444444444444444444444444444444446753345999667655666665687543343433444444444444433344676534443444444444434444444444344444444433333344344334334343444443344333334
44555478544554555555555555555555555764344444445544444444444444444444444424754444699776666666555666333444334443444444443443333687544443444444433334443344444444444444443334444444444434444444333333333333
33344478445545544455444455555554445763354545555555555555455655555555444446753444468766665555544445213444444443444444444444444577543333434434433343333344343444444434443333444344444444444444443333333334
33344378434343444444445444444444445763343444444444444444444444445555555547753455567676655565554433212454554445445444444444444576533443433443434444444434444444444444444444444444444444444444444444444444
43433378533223343344444443444443442663344443444344334444434444444445556557763465556776655566555532211244444444445554455445554565334544444444444444444444444444344344434444444444444444444444444444444444
34444368433223333334333333344333344663343333434443444444344434444444444457753466777766555666544431221134444444444444444444444565345555555444555554444444444444444444444444444344443444444445444444444444
34334446433333333432333333343334435763234444444444444444444444443344443446764354677766656557865422232125555555544444444455444565455555445455565555555555544444444434444444443344444444433344443444444444
43334333445543333333333333333333434763233344444444434444454454444444444446763330487765555556533332232224555566655554455555555555555555555555655555555555555555555544444444444445444444444444334444444444
54444443345323334333433333333333334764243343334444444444444444455544444446763343676666554562001122223323444455566544557665555556666666666665665545555444444444544445454555444555555554444444444444344444
66544444454444434443344333333333334653222233343334443444444444444333434446753357665445544454210121222332344444554656767556656666666787677666665555555544444444444444444444444544555555555544444444344444
87224433454444444444433333333333333443233333333423334334333333334433434436753455555444445444421221122232222334676666666666666777777777666776666555555544444444444444444434444444444444455445555554454444
54334444343334544444544444443334322232233332223334433333333434434444434424753355555554445433321221122233333234566566677777677777877776666776776654555654444444444444444444444444444444444344454445555545
44444444433344444444544444443434332223333333333333333333333345444544444446753455787544443322221221122223333321345566777666666776766667777777766654455554444444444444444444444444444444444444444444444444
44444444444344444444434443233333333334433344334433344443443344433444444446766657979853333212322221112222333332124566777666666666666666677776655553444444555444444444444444454444444444444444444433344344
34444444443444444444444433344454445544433444434444444443443444433444454446765579988974222112321211112222233332113566666666667666666666666666655533334443455545556665555544554444444444444444444444444444
44543443353333444344343344444444444433333433444334434444433444433444443446754799988873322112211121111222223233212345556776666666656655555566654433223433344444555566555544444555445444444454454444444454
44543444443444444434434445334334454444444434454444443444434444433333433445645467776454222311111121111222222223211334346676655666655555555556644432222332354334333334334444445665555555454444444444444444
44444454444444444443444554444444455555445545644544444445444443443434433346654134442105312421111221112222222222221333234666666666655555455556544432222332233543454333333333334454444455555555444444444444
44433444333233334333344443344444444454444434455544444445544333344434444335543223320014311321222321112222222222221233224566665556655555555556654322222222234444454443343443333443443444445555554554544444
44444443332233333344344343444334543344443344444444444555554343344444343334333332210133211212232212111222222222221222223566666565555555554556654212222222234444444444443444333444443343344444444444444544
44444444455444444444544434444444444343444444433444554544555454444444444434333332222322221112112111111222222222222222223455566666655555544467544212222222235344444344344444344434444443333343334344444444
44444444455444554444444444444444444454444433433334444444454445544445544445433432222222221111111111111222222222222222222344566666555555444566443211112222245344334343345444544444434434434333334333333434
54444444444344444455443444444444444433444443444443433333344444544445454445434533221222221110111121111122222222222222222233456666655545554565432211112222245444444444444445444444345444444344444333334443
55444444443443344444444444455454444444334443344333343344444444544445554455444432221211111111111211111122222222222122222222356656655545543564322111111112245554444444443444444434444344444444444444434444
55543444454444554555444445444444344444443344444444444444455545555555444455444345421110111111111111111122222222222222222222246655554444433553222111111112344444444444433444445434444434443343444444444444
54444444544454445544443555433444445554444433344444444444444544444454444455544333210011111111111111111122222222222222222222234565543343333442221111111112333333445443433344445445443444433345443434433344
54433443443344545544544444545544454544444433444444444344445544444344444444543331000111111111111111111122222222222222222222223555543333433332211111111112344343333432334233333334434433534444443434433343
54444444345444444455554444454345554544455444444445544444455554544454434344444332111111111111111111111122222222222222222222222344433334433222111111111222334332333433334334443334333434444334544433433344
44454454444554444334444454344334444544454444333333434554455555554454444444444333211111122221111111111122222222222222221122222233433334332221111111112222434334444333334344344343333344333434444433444433
45443444455554554543444454333444443444454543343443345444444555554444445444554344311111333342111111111122222222222222211111222223322333232111111111112223433444444444434334333343444444434454334333543433
44433444444454545554555444444445444455444433444444355444433455554434444335544444433434434464111111111112222222222222111112222222222222222112222211111224343444444443444444334444434443444443334333533333
54444444444455444445444454444444444444454444544444555444443455544322223444433444434444444575311111111112222222222222111111222222222222221223222221111223334344444443434433334344434433333443444433443354
54344344444444444444454444454444444544444444544444444444444444444323434444343444444434444677421111111111222222222222111111111221222222121103222221112234343344444443334344334444434343433333345333343344
33334444434455444454444444444444544444444444544444444444444445454434444444444444345444445677421111111111222222222212211111111122222221221002322221112234434343343443333334444433434343333333444333334343
43333433333344444454454444444444444444443444544444444455554444454543444444444444344445545777632111111112222222222112211111111222222222210001332221112233433333333434333343444434443444343333333443344333
33344333343333444545544444444444443444444554445544445544454455454334444344444444344445555776653111111112222222222112211111111222112222100001332221112233333333333333333333334444443444444334333343344334
33344443344443444444443444444444334444443443345544445544444444455554444455445533334454455676653111111111222222222122211111111222222221000001333222222233334333333333322333333343444444444444334433455335
33334443344444444444443334433444434443343343344445455455555434446555444554545544555554343566555111111111222222222122211111222222223200000001233222222233333333343343322233233433344334444443333444444344
33444444334443333444433444344444444343344444334444454445553443445556544543444544444444443466544312221111222222222222222222222222332111111011222222222233333333444444343233334333434444443433433444443344
54444433333333333433433444444434443444334433333343433344544443454444433333444333333444444466533432222111222222222222222222223333332211111232222222222234333333444333343333343333444334443333443344434344
44445544333433334444434444433444444344434333445434453444445444433344543344443434444454444346433332222222222222221112322233333333432222111234422222222234433444443244333433343334434334433334444343333324
44444444443343333344444443334444344333334443444444443434434434333333344544444444444444434335556554222222222222211123333333333344332222222234432222222234344444443344433433443454344343433334343233333324
33343333335444334344444444443433343234333333443333444434333344334433444444454444444444444447987777533332222221111123232334433434343222222234432222222333444434454444333444443443433333343333333343333333
34434443333444344333333343544433333334443334443333433333334444343444434434444443344444444458987557555333222222111123333343344334433222222223444222222332233334433334344544543333443333343444333333223223
44434443344444433343333343444444333433344444444444333332333443334443434433445544444444444369986433445333333222111134333334334444634222222223544322222322224444434433344433332334433333343333333333332333
43344433444434444444333444434433334344444444444554453433333454443334444443444444443344444489998532233332233222222134334334344444444322222222444432222332223344333444433333232322233333333333323333333332
43334434444333334443333433443333344435544544444454443444443454443344334433344444544445434599987663223332222322222243344333334443443322222222344443222232224443334334432323332332122333332333333333344333
44334434433333333444444543444433344333443423444344443564444433334344444433344444443444443699986664234333222322222233332346434443334332222222234334312222223334332234352333432122212223333333433333334333
33334443433344434443343444344434444343344333444444443464444443344444444333333344433444433776875543343343333322222343333346433444344343222222233334322222234333543355443333423222233333333323333343333343
43334434323433443443333334344444454444455443333434443454433444444444444434444444434443335774474444444444433222222344333344334554444443333222234333422222233333334444343333333333444434433334333333444433
33333333334433333343433233444334443343445433434434334343444445444344444444443443444333436755354433343443334222222344334544434454433443333222234445422222234453355434533334443344433333233444443344433333
22333333344343333334333333333223333344444533434443444433444443333233443444444343434334457655442343344333443333222444344443354444444443333222244456432222234553444444444343433333333334333544343344333443
22232234333333333333333333333333333444444433334444444443434433333343343344434443333344477665442434444343444763223544445444334333434333333322244544432222244354445444443354443333443434343433343333334343
32332323433332333323222223443334343433355444434444444444434434333443354343434443344344576666544434343343436853223434456454455433333322333322234434432222233444444443334333443333443333333333334334334443
33233344433333333333333334444334333433344444434333443443334434333344333333443333443434766676545434444444437643223433444344344333232233322322234224432222343443345544443334532433432333333443334444343334
22233333332333433333333345433233334434434343333333334432333533553443344433334333433335766665444434344344347644333433343333443332344343332332234335432122345464345444344323433433323333334443433446434344
32333322233333334333334433333333333333334333332333434523334434333433433334333333333324677664343343343346346544333443343333253323554434432222334334432122344332334333223222334332323322323333334445444444
23433333333333333333333443333334333333223333333233334533323333333432332344334333223344666664333332244335336443333333433333343322554334432222334433332122223332435313222212333333222222332333334444444555
34333344333333333333443334433333343233333433333333443432333323333323332344333333333333655553343443332234336544223334332223333332464334322222345643421122254222334222132212333333222232222223333343444443
33334343333333334334333333333334433333333443323333333532333323333333433444333323333433665542343243443344336544322333433333333333453434422222244433321122354222221222132122223222232122322223221345335543
23334334333334443343333333333334333344433334433334333333343333333334433443322334444345665532343244443443325543323333323333333334422443221222234423331122243222122111122122323322222222221223331234223443
33343334333444334433344333234344443432333333433333333334343444333344323333333334333344564322332444433433213543224333224333343324333232221222334323331122222211112212122121322211222242211213452121112332
44333333233444333344444333334333334333444333434333334334443444433334334433433333333443365432333543432343322443223333332333333323334331221222323223321122221211111121111221421111113242224413231242102432
44322222122333443334443343333333334433334333434443443343333333333344334333343343343433355442334333333333331221133322313233332333332223221222333234311122221111121111111111321431112221131423255345224433
44332233222233333344433333233434444334433333334333443343333333333343333333343343443333355432333234333333332221233333323233223333332223311222332222211112211111221111111111111431112462121343356544334345
34333332333443333433332334333334332233333334334322233433433443334444333323442333443333356433332333333333342212333333333234323433234432211223422221111111111110111011111111011211112342332323334333234445
34333344433344333322432344332233333333333443333433233433434454334344333333333443344345466432233333443443342222333333333343332233224333211222321111111111111110110000112111111221122223433256343333334344
43333234444443333333433333333333333334434443334444343333444444444343333333334433344344356543233344444333332211333333333332333332233234211122321111011111111110100001121011111331112145333234343323334333
33333343444333333234433332333333333333443343232333433333334323434433433343344334433334346543323333333344343222333333233321233333233133111112211111111111111110100000121001111132112234235533244223334323
33333444444322322233443334432333333233333233233322333343333333334433333333233334433443245543222433343454343222333332233332223333232221111112111101110111110001110000112111111122132333223333333223245323
34322333332321123333433244443333433332333333333223444344443344334443344333232433434443444421222434333345442222332222334233333332224311111111111100100101111111111101111111111211143233223344433223344333
23223334333332232123222334543333333233334443444334544343334335444444344335333444334554445621222344433334332222333332222333343333332111111111111110000111111012111101111111222222232134212333443333255223
34334433322332343212332333333333343443334343443444444333334434544333344344443344344444445642221244334334322222233333333333333333231111111010110011111211011111111111111122222145234434322234543333344333
23333323333432333343333344333333334444333343344444433333323334434433444443334444344434444532221233234334421211334333323333432222111111111001010011111211111111111111111123232333343534633334544234333455
34333344333333232223432333333434444322333343434444343333223233323443553443433454534344443432111132344333321222433333334333322111110111111111111111111111110111111111122243543433443235633334453343333334
33434433333333222345443433334444544343444443434334344343344333433344443444434444433344443342111142343344311122232233334332111111111110111111111111111111000011111222223342333334333334333334353342244423
33333333333333333334544333444444433334443443443354443444344434344443334443444444433334443343211133333434211112242233222121111101122221232232111111111111100011222332333333323233433333322323243233234323
33323333443343332333434344444444344444443554444433334334234444454455445543444445434444333332211243334433211111332122111122223212333333433332111111111111111211212221443223333333333333323323332344232222
33323443333344332343344444443444334344344444344333344445544454544444345433434444344343334332334444333233111221111112222233333433433334433322111111111011112222232223442223333333332323322333332333233333
33332344333334332343344444433423424434443433333333334443433434433453344333333444333334344433444443221123332322112322224543334444444333334422111111111111122222233332332222244332343232323322332322234443
32333433343345444444334543333334433443433333333234334443334444343344333344333333434444434434444532112233444433434333334333334443433333334422211111112112323333333232233333333233233222431322322322334332
33323433333333433333334444334344444344433343343333333443444333343443334443444433433444444334533433334444433333454444344333444344433333333223312122223333332333233333333433333333343333553333221233222222
33333433433333433334444444345333454333333443344333343344333433434443343334444333344444443444442323433333333323344443233444444344343444344433434333323334433323234443433333333433333333333332222232232232
33434333333443433334444433443333444323333333334344443444333443433333444333433453333444433333344442333434333343333443243333333344443333445434443323333344334323334433333334334333332334222322223323333233
33333333433343343334444333333344334433434344434334543343433433443334444443433342333343333333333443333344333333334444434433233334333443433333343333333344334533334443235334444333333334323223322333223323
33333334343233432344334323333434333433344244333324533344444333334445544434433322343443333333334443333343223333343344434443333333344446333323333233323343323544434323333345543333334344333333332322223323
33333343353334443333223323333454323433543333333333443444534455334534433334433323333343334434334443344333332222334443434434334442333455333334343333233323334443443323323344333334333334333322312332344223
